% Encoding: UTF-8
@book{koza92,
		author    = "Koza, John R.",
		title     = "Genetic Programming: On the Programming of Computers by Means of Natural Selection",
		publisher = "MIT Press",
		year      = "1992"
}


@misc{ wiki:latex,
       author = "Wikipedia",
       title = "LaTeX --- Wikipedia{,} La enciclopedia libre",
       year = "2015",
       url = "https://es.wikipedia.org/w/index.php?title=LaTeX&oldid=84209252",
       note = "[Internet; descargado 30-septiembre-2015]"
}


@Manual{dataframes,
  title        = {DataFrame},
  organization = {Pandas},
  timestamp    = {18-12-2018},
  url          = {https://pandas.pydata.org/pandas-docs/stable/reference/api/pandas.DataFrame.html},
}


@Manual{dataset-lightfm,
  title     = {Dataset construction},
  author    = {Maciej Kula},
  timestamp = {04-04-2019},
  url       = {http://lyst.github.io/lightfm/docs/lightfm.data.html#lightfm.data.Dataset},
}

@Article{mvc,
  author    = {Uriel Hernandez},
  title     = {MVC (Model, View, Controller) Explicado.},
  timestamp = {22-05-2019},
  url       = {https://codigofacilito.com/articulos/mvc-model-view-controller-explicado},
}

@Comment{jabref-meta: databaseType:bibtex;}
