@book{koza92,
		author    = "Koza, John R.",
		title     = "Genetic Programming: On the Programming of Computers by Means of Natural Selection",
		publisher = "MIT Press",
		year      = "1992"
}


@misc{ wiki:latex,
       author = "Wikipedia",
       title = "LaTeX --- Wikipedia{,} La enciclopedia libre",
       year = "2015",
       url = "https://es.wikipedia.org/w/index.php?title=LaTeX&oldid=84209252",
       note = "[Internet; descargado 30-septiembre-2015]"
}


@article{bortolot2005,
  title={Estimating forest biomass using small footprint LiDAR data: An individual tree-based approach that incorporates training data},
  author={Bortolot, Zachary J and Wynne, Randolph H},
  journal={ISPRS Journal of Photogrammetry and Remote Sensing},
  volume={59},
  number={6},
  pages={342--360},
  year={2005},
  publisher={Elsevier}
}


@TechReport{CopperUnion2017,
  author      = {CopperUnion},
  title       = {Anime Recommendations Database},
  institution = {Kaggle},
  year        = {2017},
  timestamp   = {06-02-2019},
  url         = {https://www.kaggle.com/CooperUnion/anime-recommendations-database/home},
}


@TechReport{Ziegler2004,
  author      = {Cai-Nicolas Ziegler},
  title       = {Book-Crossing Dataset},
  institution = {IIF},
  year        = {2004},
  timestamp   = {06-02-2019},
  url         = {http://www2.informatik.uni-freiburg.de/~cziegler/BX/},
}


@InProceedings{Cantador:RecSys2011,
  author    = {Cantador, Iv\'{a}n and Brusilovsky, Peter and Kuflik, Tsvi},
  title     = {2nd Workshop on Information Heterogeneity and Fusion in Recommender Systems (HetRec 2011)},
  booktitle = {Proceedings of the 5th ACM conference on Recommender systems},
  year      = {2011},
  series    = {RecSys 2011},
  address   = {New York, NY, USA},
  publisher = {ACM},
  keywords  = {information heterogeneity, information integration, recommender systems},
  location  = {Chicago, IL, USA},
  owner     = {Last.FM},
  timestamp = {06-02-2019},
  url       = {https://grouplens.org/datasets/hetrec-2011/},
}


@InProceedings{GroupLens1998,
  author    = {GroupLens},
  title     = {MovieLens},
  booktitle = {MovieLens},
  year      = {1998},
  timestamp = {09-02-2019},
  url       = {https://grouplens.org/datasets/movielens/},
}


@InProceedings{DBLP:conf/recsys/Kula15,
  author    = {Maciej Kula},
  title     = {Metadata Embeddings for User and Item Cold-start Recommendations},
  booktitle = {Proceedings of the 2nd Workshop on New Trends on Content-Based Recommender Systems co-located with 9th {ACM} Conference on Recommender Systems (RecSys 2015), Vienna, Austria, September 16-20, 2015.},
  year      = {2015},
  editor    = {Toine Bogers and Marijn Koolen},
  volume    = {1448},
  series    = {{CEUR} Workshop Proceedings},
  pages     = {14--21},
  publisher = {CEUR-WS.org},
  timestamp = {20-10-2018},
  url       = {http://ceur-ws.org/Vol-1448/paper4.pdf},
}


@InProceedings{Ge10beyondaccuracy:,
  author    = {Mouzhi Ge and Carla Delgado-Battenfeld and Dietmar Jannach},
  title     = {Beyond accuracy: evaluating recommender systems by coverage and serendipity},
  booktitle = {In RecSys â€™10},
  year      = {2010},
  pages     = {257},
  timestamp = {07-02-2019},
  url       = {http://citeseerx.ist.psu.edu/viewdoc/summary?doi=10.1.1.464.8494},
}


@InProceedings{brozovsky07recommender,
    author = {Lukas Brozovsky and Vaclav Petricek},
    title = {Recommender System for Online Dating Service},
    booktitle = {Proceedings of Conference Znalosti 2007},
    year = {2007},
    isbn = {},
    pages = {},
    url = {http://www.occamslab.com/petricek/papers/dating/brozovsky07recommender.pdf},
    location = {Ostrava, Czech Republic},
    publisher = {VSB},
    address = {Ostrava},
    timestamp = {24-02-2019},
}
